@misc{anderson1980zork,
  author={Anderson, Tim and Blank, Marl and Daniels, Bruce and Lebling, Dave},
	title={{Zork I}: the great underground empire},
	howpublished={Infocom},
	year={1980}
}

@inproceedings{cote2019textworld,
  author={C{\^o}t{\'e}, Marc-Alexandre and K{\'a}d{\'a}r, {\'A}kos and Yuan, Xingdi and Kybartas, Ben and Barnes, Tavian and Fine, Emery and Moore, James and Hausknecht, Matthew and El Asri, Layla and Adada, Mahmoud and Tay, Wendy and Trischler, Adam},
	title={{TextWorld}: a learning environment for text-based games},
	booktitle={Computer Games},
	year={2019},
	pages={41--75},
	publisher={Springer}
}

@misc{ghallab1998pddl,
  author={Ghallab, Malik and Howe, Adele and McDermott, Drew and Ram, Ashwin and Veloso, Manuela and Weld, Daniel and Wilkins, David},
	title={{PDDL}---the {Planning Domain Definition Language}},
	institution={Yale Center for Computational Vision and Control},
  address={Yale University},
	year={1998}
}

@article{kybartas2016survey,
  author={Kybartas, Ben and Bidarra, Rafael},
  title={A survey on story generation techniques for authoring computational narratives},
  journal={IEEE Transactions on Computational Intelligence and Artificial Intelligence in Games},
  year={2016},
  pages={239--253},
  volume={9},
  number={3}
}

@article{lebowitz1985story,
  title={Story-telling as planning and learning},
  author={Lebowitz, Michael},
  journal={Poetics},
  volume={14},
  number={6},
  pages={483--502},
  year={1985},
  publisher={Elsevier}
}

@inproceedings{mateas2005structuring,
  title={Structuring content in the {Fa{\c{c}}ade} interactive drama architecture},
  author={Mateas, Michael and Stern, Andrew},
  booktitle={Proceedings of the 1st AAAI conference on Artificial Intelligence and Interactive Digital Entertainment},
  year={2005}
}

@article{riedl2013interactive,
  title={Interactive narrative: an intelligent systems approach.},
  author={Riedl, Mark O. and Bulitko, Vadim},
  journal={AI Magazine},
  volume={34},
  number={1},
  pages={67--77},
  year={2013}
}

@article{slaney2001blocks,
  author={Slaney, John and Thiébaux, Sylvie},
  title={{Blocks World} revisited},
  journal={Artificial Intelligence},
  volume={125},
  number={1},
  year={2001},
  pages={119-153}
}

@article{taitler2023ipc,
  author={Taitler, Ayal and Alford, Ron and Espasa, Joan and Behnke, Gregor and Fišer, Daniel and Gimelfarb, Michael and Pommerening, Florian and Sanner, Scott and Scala, Enrico and Schreiber, Dominik and Segovia-Aguas, Javier and Seipp, Jendrik},
  title={The 2023 {International Planning Competition}},
  journal={AI Magazine},
  volume={45},
  number={2},
  year={2024},
  pages={280-296},
  doi={https://doi.org/10.1002/aaai.12169},
  url={https://onlinelibrary.wiley.com/doi/abs/10.1002/aaai.12169}
}

@misc{towers2024gymnasium,
  title={{Gymnasium}: a standard interface for reinforcement learning environments}, 
  author={Mark Towers and Ariel Kwiatkowski and Jordan Terry and John U. Balis and Gianluca De Cola and Tristan Deleu and Manuel Goulão and Andreas Kallinteris and Markus Krimmel and Arjun KG and Rodrigo Perez-Vicente and Andrea Pierré and Sander Schulhoff and Jun Jet Tai and Hannah Tan and Omar G. Younis},
  year={2024},
  eprint={2407.17032},
  archivePrefix={arXiv},
  url={https://arxiv.org/abs/2407.17032}, 
}

@misc{walton2019aidungeon,
  title={{AI Dungeon}},
  author={Walton, Nick},
  year={2019},
  howpublished={\url{https://aidungeon.com/}}
}

@techreport{ware2023collection,
  author={Ware, Stephen G. and Farrell, Rachelyn},
  title={A collection of benchmark problems for the {Sabre} narrative planner},
  institution={Narrative Intelligence Lab},
  address={University of Kentucky},
  year={2023},
  month={November},
  howpublished={\url{https://github.com/sgware/sabre-benchmarks/blob/main/report.pdf}}
}

@techreport{ware2025microtales,
  author={Ware, Stephen G.},
  title={{MicroTales}: a narrative planning benchmark problem that scales along several dimensions},
  institution={Narrative Intelligence Lab},
  address={University of Kentucky},
  year={2025},
  howpublished={\url{https://cs.uky.edu/~sgware/projects/example/report.pdf}}
}

@article{young2013plans,
  title={Plans and planning in narrative generation: a review of plan-based approaches to the generation of story, discourse and interactivity in narratives},
  author={Young, R. Michael and Ware, Stephen G. and Cassell, Bradly A. and Robertson, Justus},
  journal={Sprache und Datenverarbeitung, Special Issue on Formal and Computational Models of Narrative},
  volume={37},
  number={1-2},
  pages={41--64},
  year={2013}
}